@BOOK{
firstbook,
author = "Andrew Boktor",
title = "Andrew's Book"
}

@ARTICLE{
bplot2,
title = "The Development of a Universal Design Tactile Graphics Production System BPLOT2",
author = "Mamoru Fujiyoshi, Akio Fujiyoshi, Nobuyuki Ohtake, Katsuhito Yamaguchi, and Yoshinori Teshima"
}